@inproceedings{shi2003hybrid,
  title={Hybrid evolutionary algorithms based on PSO and GA},
  author={Shi, XH and Lu, YH and Zhou, CG and Lee, HP and Lin, WZ and Liang, YC},
  booktitle={The 2003 Congress on Evolutionary Computation, 2003. CEC'03.},
  volume={4},
  pages={2393--2399},
  year={2003},
  organization={IEEE}
}