@book{larranaga2001estimation,
  title={Estimation of distribution algorithms: A new tool for evolutionary computation},
  author={Larra{\~n}aga, Pedro and Lozano, Jose A},
  volume={2},
  year={2001},
  publisher={Springer Science \& Business Media}
}

@inproceedings{miranda2005evolutionary,
  title={Evolutionary algorithms with particle swarm movements},
  author={Miranda, Vladimiro},
  booktitle={Proceedings of the 13th International Conference on, Intelligent Systems Application to Power Systems},
  pages={6--21},
  year={2005},
  organization={IEEE}
}

@article{liu2010hybridizing,
  title={Hybridizing particle swarm optimization with differential evolution for constrained numerical and engineering optimization},
  author={Liu, Hui and Cai, Zixing and Wang, Yong},
  journal={Applied Soft Computing},
  volume={10},
  number={2},
  pages={629--640},
  year={2010},
  publisher={Elsevier}
}

@inproceedings{Robinson2002,
author = {Robinson, Jacob and Sinton, Seelig and Rahmat-Samii, Yahya},
year = {2002},
month = {02},
pages = {314 - 317 vol.1},
title = {Particle swarm, genetic algorithm, and their hybrids: Optimization of a profiled corrugated horn antenna},
volume = {1},
isbn = {0-7803-7330-8},
booktitle = {IEEE Antennas and Propagation Society, AP-S International Symposium (Digest)},
doi = {10.1109/APS.2002.1016311}
}

@inproceedings{grimaccia2007development,
  title={Development and Validation of Different Hybridization Strategies to Explore GSO Performances},
  author={Grimaccia, Francesco and Mussetta, Marco and Zich, RE},
  booktitle={2007 International Conference on Electromagnetics in Advanced Applications},
  pages={187--190},
  year={2007},
  organization={IEEE}
}

@article{vcrepinvsek2013exploration,
  title={Exploration and exploitation in evolutionary algorithms: A survey},
  author={{\v{C}}repin{\v{s}}ek, Matej and Liu, Shih-Hsi and Mernik, Marjan},
  journal={ACM computing surveys (CSUR)},
  volume={45},
  number={3},
  pages={1--33},
  year={2013},
  publisher={ACM New York, NY, USA}
}

@inproceedings{yuan2005importance,
  title={On the importance of diversity maintenance in estimation of distribution algorithms},
  author={Yuan, Bo and Gallagher, Marcus},
  booktitle={Proceedings of the 7th annual conference on Genetic and evolutionary computation},
  pages={719--726},
  year={2005}
}

@inproceedings{shi2003hybrid,
  title={Hybrid evolutionary algorithms based on {PSO} and {GA}},
  author={Shi, XH and Lu, YH and Zhou, CG and Lee, HP and Lin, WZ and Liang, YC},
  booktitle={The 2003 Congress on Evolutionary Computation, 2003. CEC'03.},
  volume={4},
  pages={2393--2399},
  year={2003},
  organization={IEEE}
}

@inproceedings{esmin2006hybrid,
  title={Hybrid evolutionary algorithm based on PSO and GA mutation},
  author={Esmin, Ahmed Ali Abdalla and Lambert-Torres, Germano and Alvarenga, Guilherme Bastos},
  booktitle={2006 Sixth International Conference on Hybrid Intelligent Systems (HIS'06)},
  pages={57--57},
  year={2006},
  organization={IEEE}
}

@inproceedings{grimaldi2005genetical,
  title={Genetical swarm optimization: a new hybrid evolutionary algorithm for electromagnetic applications},
  author={Grimaldi, E Alfassio and Grimaccia, F and Mussetta, M and Pirinoli, P and Zich, RE},
  booktitle={2005 18th International Conference on Applied Electromagnetics and Communications},
  pages={1--4},
  year={2005},
  organization={IEEE}
}


@article{li2008gene,
  title={Gene selection using hybrid particle swarm optimization and genetic algorithm},
  author={Li, Shutao and Wu, Xixian and Tan, Mingkui},
  journal={Soft Computing},
  volume={12},
  number={11},
  pages={1039--1048},
  year={2008},
  publisher={Springer}
}

@article{pham2014benchmarking,
  title={Benchmarking and comparison of nature-inspired population-based continuous optimisation algorithms},
  author={Pham, Duc Truong and Castellani, Marco},
  journal={Soft Computing},
  volume={18},
  number={5},
  pages={871--903},
  year={2014},
  publisher={Springer}
}

@article{pandi2011dynamic,
  title={Dynamic economic load dispatch using hybrid swarm intelligence based harmony search algorithm},
  author={Pandi, V Ravikumar and Panigrahi, Bijaya Ketan},
  journal={Expert Systems with Applications},
  volume={38},
  number={7},
  pages={8509--8514},
  year={2011},
  publisher={Elsevier}
}

@article{lien2012hybrid,
  title={A hybrid swarm intelligence based particle-bee algorithm for construction site layout optimization},
  author={Lien, Li-Chuan and Cheng, Min-Yuan},
  journal={Expert Systems with Applications},
  volume={39},
  number={10},
  pages={9642--9650},
  year={2012},
  publisher={Elsevier}
}

@inproceedings{zhao2010hybrid,
  title={A hybrid swarm intelligent method based on genetic algorithm and artificial bee colony},
  author={Zhao, Haiyan and Pei, Zhili and Jiang, Jingqing and Guan, Renchu and Wang, Chaoyong and Shi, Xiaohu},
  booktitle={International Conference in Swarm Intelligence},
  pages={558--565},
  year={2010},
  organization={Springer}
}

@article{gulia2019hybrid,
  title={Hybrid swarm and {GA} based approach for software test case selection},
  author={Gulia, Preeti and others},
  journal={International Journal of Electrical \& Computer Engineering (2088-8708)},
  volume={9},
  year={2019}
}

@article{sangeeta2020comprehensive,
  title={Comprehensive analysis of hybrid nature-inspired algorithms for software reliability analysis},
  author={Sangeeta and Sitender},
  journal={Journal of Statistics and Management Systems},
  volume={23},
  number={6},
  pages={1037--1048},
  year={2020},
  publisher={Taylor \& Francis}
}
